/home/fuller/Documents/TeX/bibfiles/ownpubspres.bib