/home/fuller/Documents/TeX/bibfiles/references.bib